<?xml version="1.0" encoding="UTF-8"?><collection xmlns="http://www.loc.gov/MARC21/slim"><record><leader>00589nam--2200217-u-4500</leader><controlfield tag="001">000050364</controlfield><controlfield tag="002">20161230</controlfield><controlfield tag="003">81787</controlfield><controlfield tag="005">20161230201048</controlfield><controlfield tag="008">070129s1000------------r-----000-0-eng-d</controlfield><datafield ind1=" " ind2=" " tag="020"><subfield code="a">0-8218-4184-X</subfield></datafield><datafield ind1=" " ind2=" " tag="040"><subfield code="a">IFIN-HH</subfield></datafield><datafield ind1=" " ind2=" " tag="041"><subfield code="a">eng</subfield></datafield><datafield ind1="1" ind2=" " tag="100"><subfield code="a">Guillemin,Victor and Sternberg,Shlomo</subfield></datafield><datafield ind1="1" ind2="0" tag="245"><subfield code="a">Variation on a Theme by Kepler</subfield></datafield><datafield ind1=" " ind2=" " tag="260"><subfield code="a">Providence</subfield><subfield code="b">American Mathematical Society</subfield><subfield code="c">1990</subfield></datafield><datafield ind1=" " ind2=" " tag="300"><subfield code="a">88 p</subfield></datafield><datafield ind1=" " ind2=" " tag="490"><subfield code="a">American Mathematical Society. Colloquium Publications</subfield><subfield code="v">Vol.42</subfield></datafield><datafield ind1=" " ind2="4" tag="650"><subfield code="a">Kepler</subfield></datafield><datafield ind1=" " ind2=" " tag="852"><subfield code="a">81787</subfield></datafield><datafield ind1=" " ind2=" " tag="CAT"><subfield code="a">Sys</subfield><subfield code="c">20070129</subfield><subfield code="h">104245</subfield></datafield></record></collection>